<record><leader>00000cas a22000007a 4500</leader><controlfield tag="001">11828135</controlfield><controlfield tag="008">850320d1840184uinuwr ne      0    0eng d</controlfield><datafield ind1=" " ind2=" " tag="010"><subfield code="a">sn 85047744 </subfield></datafield><datafield ind1=" " ind2=" " tag="040"><subfield code="a">NPI</subfield><subfield code="b">eng</subfield><subfield code="c">NPI</subfield><subfield code="d">OCLCQ</subfield></datafield><datafield ind1=" " ind2=" " tag="042"><subfield code="a">msc</subfield></datafield><datafield ind1="0" ind2=" " tag="130"><subfield code="a">Spirit of the times (Vevay, Ind.)</subfield></datafield><datafield ind1="1" ind2="0" tag="245"><subfield code="a">Spirit of the times.</subfield></datafield><datafield ind1=" " ind2=" " tag="260"><subfield code="a">Vevay, Ind. :</subfield><subfield code="b">J.G. Fanning</subfield></datafield><datafield ind1=" " ind2=" " tag="300"><subfield code="a">v. :</subfield><subfield code="b">ill. (chiefly advertisements) ;</subfield><subfield code="c">50 cm.</subfield></datafield><datafield ind1=" " ind2=" " tag="310"><subfield code="a">Weekly</subfield></datafield><datafield ind1="1" ind2=" " tag="362"><subfield code="a">Began Dec. 10, 1840; ceased in late 1842 or early 1843.</subfield></datafield><datafield ind1=" " ind2=" " tag="500"><subfield code="a">Fanning sold his printing press to S.C. Stevens and B. Simmons who used it to start a new paper: "The Indiana Palladium" in March 1843.</subfield></datafield><datafield ind1=" " ind2=" " tag="588"><subfield code="a">Description based on: New series--Vol. 1, no. 10 (Feb. 11, 1841).</subfield></datafield><datafield ind1=" " ind2=" " tag="752"><subfield code="a">United States</subfield><subfield code="b">Indiana</subfield><subfield code="c">Switzerland</subfield><subfield code="d">Vevay.</subfield></datafield><datafield ind1="0" ind2="0" tag="780"><subfield code="t">Vevay times and Switzerland County Democrat</subfield><subfield code="w">(DLC)sn 85047743</subfield></datafield></record>